
@inproceedings{celino_urbanopolysocial_2012,
	title = {{Urbanopoly–A} Social and Location-Based Game with a Purpose to Crowdsource Your Urban Data},
	booktitle = {Privacy, Security, Risk and Trust ({PASSAT)}, 2012 International Conference on and 2012 International Confernece on Social Computing ({SocialCom)}},
	author = {Celino, Irene and Cerizza, Dario and Contessa, Simone and Corubolo, Marta and {DellAglio}, Daniele and Valle, Emanuele Della and Fumeo, Stefano},
	year = {2012},
	pages = {910–913}
},

@inproceedings{celino_urbanmatch-linking_2012,
	title = {{UrbanMatch-linking} and improving Smart Cities Data.},
	booktitle = {{LDOW}},
	author = {Celino, Irene and Contessa, Simone and Corubolo, Marta and {Dell'Aglio}, Daniele and Della Valle, Emanuele and Fumeo, Stefano and Krüger, Thorsten and Krüger, Thorsten},
	year = {2012}
},

@article{lebo_prov-o:_2013,
	title = {Prov-o: The prov ontology},
	journal = {{W3C} Recommendation, http://www. w3. {org/TR/prov-o/(accessed} 30 Apr 2013)},
	author = {Lebo, Timothy and Sahoo, Satya and {McGuinness}, Deborah and Belhajjame, Khalid and Cheney, James and Corsar, David and Garijo, Daniel and Soiland-Reyes, Stian and Zednik, Stephan and Zhao, Jun},
	year = {2013}
},

@article{moreau_prov-dm:_2012,
	title = {Prov-dm: The prov data model},
	journal = {Candidate Recommendation},
	author = {Moreau, Luc and Missier, Paolo and Belhajjame, Khalid and {B’Far}, Reza and Cheney, James and Coppens, Sam and Cresswell, Stephen and Gil, Yolanda and Groth, Paul and Klyne, Graham and others},
	year = {2012}
},

@inproceedings{de_nies_modeling_2013,
	title = {Modeling Uncertain Provenance and Provenance of Uncertainty in {W3C} {PROV}},
	booktitle = {22nd International World Wide Web Conference},
	author = {De Nies, Tom and Coppens, Sam and Mannens, Erik and Van de Walle, Rik},
	year = {2013},
	pages = {167–168}
},

@article{bizer_linked_2009,
	title = {Linked data-the story so far},
	volume = {5},
	number = {3},
	journal = {International Journal on Semantic Web and Information Systems ({IJSWIS)}},
	author = {Bizer, Christian and Heath, Tom and Berners-Lee, Tim},
	year = {2009},
	pages = {1–22}
}